<record xmlns="http://www.loc.gov/MARC21/slim" xmlns:xsi="http://www.w3.org/2001/XMLSchema-instance" xsi:schemaLocation="http://www.loc.gov/MARC21/slim http://www.loc.gov/standards/marcxml/schema/MARC21slim.xsd"><leader>00925cz   2200217n  4500</leader><controlfield tag="001">oca01288840 </controlfield><controlfield tag="005">20000526064945.0</controlfield><controlfield tag="008">850301n| acannaabn          |a aaa     b</controlfield><datafield ind1=" " ind2=" " tag="010"><subfield code="a">n  84140345 </subfield></datafield><datafield ind1=" " ind2=" " tag="040"><subfield code="a">DNLM</subfield><subfield code="b">eng</subfield><subfield code="c">DLC</subfield><subfield code="d">DLC</subfield><subfield code="d">OCoLC</subfield></datafield><datafield ind1="1" ind2=" " tag="100"><subfield code="a">Serenus Sammonicus, Quintus.</subfield></datafield><datafield ind1="1" ind2=" " tag="400"><subfield code="a">Sammonicus, Quintus Serenus</subfield></datafield><datafield ind1="1" ind2=" " tag="400"><subfield code="a">Sereno Samonico, Quinto</subfield></datafield><datafield ind1="1" ind2=" " tag="400"><subfield code="a">Serenus Samonicus, Quintus</subfield></datafield><datafield ind1=" " ind2=" " tag="670"><subfield code="a">Campolongo, E. Sereno serenato, o sia, Idea scoperta de Quinto Sereno Samonico, 1786.</subfield></datafield><datafield ind1=" " ind2=" " tag="670"><subfield code="a">LC data base, 12-4-84</subfield><subfield code="b">(hdg.: Serenus Sammonicus, Quintus; usage: Quinto Sereno Sammonico)</subfield></datafield><datafield ind1=" " ind2=" " tag="670"><subfield code="a">NUC, pre-'56</subfield><subfield code="b">(Serenus Sammonicus, Quintus)</subfield></datafield><datafield ind1=" " ind2=" " tag="670"><subfield code="a">BMcat</subfield><subfield code="b">(Serenus Sammonicus, Quintus)</subfield></datafield><datafield ind1=" " ind2=" " tag="670"><subfield code="a">BNcat.</subfield><subfield code="b">(Sammonicus, Quintus Serenus)</subfield></datafield><datafield ind1=" " ind2=" " tag="670"><subfield code="a">Hirsch, A. Biog. Lex. hervorr. Aertze</subfield><subfield code="b">(Serenus Samonicus, Quintus (Quinctius))</subfield></datafield><datafield ind1=" " ind2=" " tag="670"><subfield code="a">His De re medica, 1540:</subfield><subfield code="b">t.p. (Quinti Sereni Sammonici ...)</subfield></datafield></record>